<record><leader>00000cas a2200000 a 4500</leader><controlfield tag="001">30707259</controlfield><controlfield tag="007">hd afu---baca</controlfield><controlfield tag="008">940705d18991900nbuwr nea     0    0eng d</controlfield><datafield ind1=" " ind2=" " tag="010"><subfield code="a">sn 94055433 </subfield></datafield><datafield ind1=" " ind2=" " tag="040"><subfield code="a">NVG</subfield><subfield code="b">eng</subfield><subfield code="c">NVG</subfield><subfield code="d">OCL</subfield><subfield code="d">OCLCQ</subfield><subfield code="d">OCLCF</subfield><subfield code="d">OCLCO</subfield></datafield><datafield ind1="1" ind2=" " tag="029"><subfield code="a">AU@</subfield><subfield code="b">000012843184</subfield></datafield><datafield ind1=" " ind2=" " tag="042"><subfield code="a">msc</subfield></datafield><datafield ind1=" " ind2=" " tag="043"><subfield code="a">n-us-nb</subfield></datafield><datafield ind1="0" ind2=" " tag="130"><subfield code="a">Atkinson plain dealer and graphic--consolidated (Atkinson, Neb. : 1899)</subfield></datafield><datafield ind1="1" ind2="4" tag="245"><subfield code="a">The Atkinson plain dealer and graphic-consolidated</subfield><subfield code="h">[microform].</subfield></datafield><datafield ind1="1" ind2="3" tag="246"><subfield code="a">Atkinson plain dealer</subfield></datafield><datafield ind1=" " ind2=" " tag="260"><subfield code="a">Atkinson, Neb. :</subfield><subfield code="b">E.S. Eves,</subfield><subfield code="c">1899-1900.</subfield></datafield><datafield ind1=" " ind2=" " tag="300"><subfield code="a">v.</subfield></datafield><datafield ind1=" " ind2=" " tag="310"><subfield code="a">Weekly</subfield></datafield><datafield ind1="0" ind2=" " tag="362"><subfield code="a">Vol. 16, no. 48 (Feb. 16, 1899)-v. 18, no. 18 (July 26, 1900).</subfield></datafield><datafield ind1=" " ind2=" " tag="580"><subfield code="a">Merged with: Holt County Republican (Atkinson, Neb.), to form: Atkinson plain dealer, Atkinson graphic, and Holt County Republican--consolidated.</subfield></datafield><datafield ind1=" " ind2=" " tag="533"><subfield code="a">Microfilm.</subfield><subfield code="b">Wooster, Ohio :</subfield><subfield code="c">Bell &amp; Howell.</subfield><subfield code="e">2 microfilm reels ; 35 mm.</subfield></datafield><datafield ind1=" " ind2="0" tag="651"><subfield code="a">Atkinson (Neb.)</subfield><subfield code="v">Newspapers.</subfield></datafield><datafield ind1=" " ind2="0" tag="651"><subfield code="a">Holt County (Neb.)</subfield><subfield code="v">Newspapers.</subfield></datafield><datafield ind1=" " ind2="7" tag="655"><subfield code="a">Newspapers.</subfield><subfield code="2">fast</subfield><subfield code="0">(OCoLC)fst01423814</subfield></datafield><datafield ind1=" " ind2="7" tag="651"><subfield code="a">Nebraska</subfield><subfield code="z">Atkinson.</subfield><subfield code="2">fast</subfield><subfield code="0">(OCoLC)fst01275949</subfield></datafield><datafield ind1=" " ind2="7" tag="651"><subfield code="a">Nebraska</subfield><subfield code="z">Holt County.</subfield><subfield code="2">fast</subfield><subfield code="0">(OCoLC)fst01211913</subfield></datafield><datafield ind1=" " ind2=" " tag="752"><subfield code="a">United States</subfield><subfield code="b">Nebraska</subfield><subfield code="c">Holt</subfield><subfield code="d">Atkinson.</subfield></datafield><datafield ind1="0" ind2="0" tag="780"><subfield code="t">Atkinson plain dealer (Atkinson, Neb. : 1897)</subfield><subfield code="w">(DLC)sn 94055432</subfield></datafield><datafield ind1="1" ind2="7" tag="785"><subfield code="t">Holt County Republican (Atkinson, Neb.)</subfield><subfield code="w">(DLC)sn 94055440</subfield></datafield><datafield ind1="1" ind2="7" tag="785"><subfield code="t">Atkinson plain dealer, Atkinson graphic and Holt County Republican--consolidated</subfield><subfield code="w">(DLC)sn 94055434</subfield></datafield></record>